<record><leader>00000cas a22000007a 4500</leader><controlfield tag="001">20387122</controlfield><controlfield tag="008">890925d19171935mouwr ne      0    0eng d</controlfield><datafield ind1=" " ind2=" " tag="010"><subfield code="a">sn 89067279 </subfield></datafield><datafield ind1=" " ind2=" " tag="040"><subfield code="a">MQN</subfield><subfield code="b">eng</subfield><subfield code="c">MQN</subfield><subfield code="d">OCLCQ</subfield></datafield><datafield ind1=" " ind2=" " tag="042"><subfield code="a">msc</subfield></datafield><datafield ind1="0" ind2=" " tag="130"><subfield code="a">Intelligencer (Mexico, Mo. : Weekly ed. : 1917)</subfield></datafield><datafield ind1="1" ind2="4" tag="245"><subfield code="a">The intelligencer.</subfield></datafield><datafield ind1=" " ind2=" " tag="250"><subfield code="a">Weekly ed.</subfield></datafield><datafield ind1=" " ind2=" " tag="260"><subfield code="a">Mexico, Mo. :</subfield><subfield code="b">Intelligencer Pub. Co.,</subfield><subfield code="c">1917-1935.</subfield></datafield><datafield ind1=" " ind2=" " tag="300"><subfield code="a">v.</subfield></datafield><datafield ind1=" " ind2=" " tag="310"><subfield code="a">Weekly</subfield></datafield><datafield ind1="0" ind2=" " tag="362"><subfield code="a">66th year, no. 6 (Oct. 11, 1917)-73rd year, no. 6 (Nov. 14, 1935).</subfield></datafield><datafield ind1=" " ind2=" " tag="752"><subfield code="a">United States</subfield><subfield code="b">Missouri</subfield><subfield code="c">Audrain</subfield><subfield code="d">Mexico.</subfield></datafield><datafield ind1="0" ind2=" " tag="775"><subfield code="t">Intelligencer (Mexico, Mo. : Daily ed.)</subfield><subfield code="w">(DLC)sn 86063638</subfield></datafield><datafield ind1="0" ind2="0" tag="780"><subfield code="t">Weekly intelligencer (Mexico, Mo. : 1907)</subfield><subfield code="w">(DLC)sn 89067278</subfield></datafield><datafield ind1="0" ind2="0" tag="785"><subfield code="t">Weekly intelligencer (Mexico, Mo. : 1935)</subfield><subfield code="w">(DLC)sn 89067280</subfield></datafield></record>